@misc{reference_doc,
    keywords={intro},
    title={A.Y. 2021-2022 Software Engineering 2 Requirement Engineering and Design Project: goal, schedule, and rules},
    author={Elisabetta Di Nitto and Matteo Rossi and Damian Tamburri},
    year={2021}, 
    month=Oct
}

@misc{reference_doc2,
    keywords={intro},
    title={A.Y. 2021-2022 Software Engineering 2 I{\&}T assignment goal, schedule, and rules},
    author={Elisabetta Di Nitto and Matteo Rossi and Damian Tamburri},
    year={2021}, 
    month=Oct
}

@misc{rasd,
    keywords={intro},
    title={Requirements Analysis and Specifications Document, DREAM - Data-dRiven PrEdictive FArMing in Telangana},
    author={Kinga Marek and Józef Piechaczek and Mariusz Wiśniewski},
    year={2021}, 
    month=Dec
}

@misc{dd,
    keywords={intro},
    title={Design Document, DREAM - Data-dRiven PrEdictive FArMing in Telangana},
    author={Kinga Marek and Józef Piechaczek and Mariusz Wiśniewski},
    year={2022}, 
    month=Jan
}

@misc{telangana,
    keywords={intro},
    title = "{Telangana} --- {W}ikipedia{,} The Free Encyclopedia",
    year = "2021",
    howpublished={\url{http://en.wikipedia.org/w/index.php?title=Telangana&oldid=1055881688}},
    urldate={2021-11-21},
 }

% article
@misc{global_demand_for_food,
    keywords={intro},
    title={Global Demand for Food Is Rising. Can We Meet It?},
    author={Maarten Elferink and Florian Schierhorn},
    howpublished={\url{https://hbr.org/2016/04/global-demand-for-food-is-rising-can-we-meet-it}}, 
    urldate={2021-11-21},
    year={2016}, 
    month=Apr
}

@software{tsdps,
    keywords={intro},
    author={Telangana State Development Planning Society},
    title={Automatic Weather Stations},
    howpublished={\url{https://tsdps.telangana.gov.in/aws.jsp}},
    urldate={2021-11-21}
}
% software
@software{docker,
  title = {Docker},
  url = {https://docker.com/},
  version = {20.10.02}, 
  date={2021-05-11}
}

@inproceedings{performance_requirements,
    author = {Bondi, Andr\'{e} B.},
    title = {Best Practices for Writing and Managing Performance Requirements: A Tutorial},
    year = {2012},
    isbn = {9781450312028},
    publisher = {Association for Computing Machinery},
    address = {New York, NY, USA},
    url = {https://doi.org/10.1145/2188286.2188288},
    doi = {10.1145/2188286.2188288},
    abstract = {Performance requirements are one of the main drivers of architectural decisions. Because many performance problems have their roots in architectural decisions, and since poor performance is a principal cause of software project risk, it is essential that performance requirements be developed early in the software lifecycle, and that they be clearly formulated. In this tutorial, we shall look at criteria for high-quality performance requirements, including algebraic consistency, measurability, testability, and linkage to business and engineering needs. While focus of this tutorial is on practice, we shall show how the drafting of performance requirements can be aided by performance modeling. We shall show methods for presenting and managing performance requirements that will improve their chances of being accepted by architects, developers, testers, contract negotiators, and purchasers; and of their being successfully implemented and tested.},
    booktitle = {Proceedings of the 3rd ACM/SPEC International Conference on Performance Engineering},
    pages = {1–8},
    numpages = {8},
    keywords = {performance requirements, system performance},
    location = {Boston, Massachusetts, USA},
    series = {ICPE '12}
}

@misc{GDPR,
    author={The European Parliament and the Council of the European Union},
    title={Regulation (EU) 2016/679 of the European Parliament and of the Council},
    howpublished={\url{https://eur-lex.europa.eu/legal-content/EN/TXT/PDF/?uri=CELEX:32016R0679}}, 
    urldate={2021-12-03},
    year={2016},
    month=Apr,
    day=27
}

@misc{india_privacy_doc,
    author={The Bureau of Indian Standards},
    title={IS 17428.1 Data Privacy Assurance Part 1 Engineering and Management Requirements},
    howpublished={\url{https://standardsbis.bsbedge.com/BIS_SearchStandard.aspx?Standard_Number=IS\%2017428\%20:\%20Part\%201&id=33561}}, 
    urldate={2021-12-03},
    year={2020},
}

@misc{Rfc2898DeriveBytes,
    author={Microsoft Corporation},
    title={Rfc2898DeriveBytes Class},
    howpublished={\url{https://docs.microsoft.com/en-gb/dotnet/api/system.security.cryptography.rfc2898derivebytes?view=net-6.0}}, 
    urldate={2021-12-18},
}

@misc{alloy,
    author={Software Design Group, MIT},
    title={Alloy modeling language and analyzer},
    howpublished={\url{https://alloytools.org}}, 
    urldate={2021-12-22},
}

@misc{rest-microsoft,
    author={Microsoft Corporation}, 
    title={RESTful web API design},
    howpublished={\url{https://docs.microsoft.com/en-us/azure/architecture/best-practices/api-design}}, 
    urldate={2021-12-29},
}

@misc{ntier,
    author={Microsoft Corporation},
    title={Common web application architectures},
    howpublished={\url{https://docs.microsoft.com/en-gb/dotnet/architecture/modern-web-apps-azure/common-web-application-architectures}}, 
    urldate={2021-12-29},
}

@misc{di,
    author={Microsoft Corporation},
    title={Dependency injection in ASP.NET Core},
    howpublished={\url{https://docs.microsoft.com/en-gb/aspnet/core/fundamentals/dependency-injection?view=aspnetcore-6.0}}, 
    urldate={2021-12-29},
}

@phdthesis{rest,
    added-at = {2008-03-05T21:11:28.000+0100},
    author = {Fielding, Roy Thomas},
    biburl = {https://www.bibsonomy.org/bibtex/217b085721104f50d2f804bd1df197edc/gromgull},
    file = {Site:2000/Fielding2000Phd.pdf:PDF},
    interhash = {092ba78050ae9da156348ac20fccbd12},
    intrahash = {17b085721104f50d2f804bd1df197edc},
    keywords = {architecture rest},
    owner = {flint},
    school = {University of California, Irvine},
    timestamp = {2008-03-05T21:11:28.000+0100},
    title = {{REST:} Architectural Styles and the Design of Network-based Software
    Architectures},
    type = {Doctoral dissertation},
    url = {http://www.ics.uci.edu/~fielding/pubs/dissertation/top.htm},
    year = 2000
}

@article{nginx,
    author = {Reese, Will},
    title = {Nginx: The High-Performance Web Server and Reverse Proxy},
    year = {2008},
    issue_date = {September 2008},
    publisher = {Belltown Media},
    address = {Houston, TX},
    volume = {2008},
    number = {173},
    issn = {1075-3583},
    abstract = {A leaner, meaner Apache.},
    journal = {Linux J.},
    month = Sep,
    articleno = {2}
}

@software{postgresql,
    author={The PostgreSQL Global Development Group},
    title={PostgreSQL},
    howpublished={\url{https://www.postgresql.org}}, 
    urldate={2022-01-04},
}

@misc{async,
    author={Microsoft Corporation},
    title={Task-based asynchronous pattern},
    howpublished={\url{https://docs.microsoft.com/en-us/dotnet/standard/asynchronous-programming-patterns/task-based-asynchronous-pattern-tap?redirectedfrom=MSDN}}, 
    urldate={2022-01-05},
}

@misc{ef,
    author = "{Wikipedia contributors}",
    title = "Object–relational mapping --- {Wikipedia}{,} The Free Encyclopedia",
    year = "2021",
    url = "https://en.wikipedia.org/w/index.php?title=Object%E2%80%93relational_mapping&oldid=1047542743",
    note = "[Online; accessed 5-January-2022]"
  }
  
  
@misc{ef_dbcontext,
    author={EntityFrameworkTutorial.net},
    title={DbContext in Entity Framework},
    howpublished={\url{https://www.entityframeworktutorial.net/entityframework6/dbcontext.aspx}}, 
    urldate={2022-01-05},
}

@techreport{rfc1945,
    author = {T. Berners-Lee, R. Fielding, H. Frystyk},
    title = {Hypertext Transfer Protocol -- HTTP/1.0},
    howpublished = {Internet Requests for Comments},
    type = {RFC},
    number = 1945,
    year = {1996},
    month = {05},
    publisher = {RFC Editor},
    institution = {RFC Editor},
    url = {https://www.rfc-editor.org/rfc/rfc1945#section-5.1.1}
}


@misc{ef_Inheritance,
    author={Entity Framework Core, Inheritance},
    title={Task-based asynchronous pattern},
    howpublished={\url{https://docs.microsoft.com/en-us/ef/core/modeling/inheritance}}, 
    urldate={2022-01-05},
}

@misc{pytest,
    title={pytest 6.2},
    author={Krekel, Holger and Oliveira, Bruno and Pfannschmidt, Ronny and Bruynooghe, Floris and Laugher, Brianna and Bruhin, Florian},
    year={2004},
    url={https://github.com/pytest-dev/pytest},
    urldate={2022-01-24}
}

@misc{selenium,
    title={The Selenium Browser Automation Project},
    author={Jason Huggins},
    year={2004},
    url={https://selenium.dev/},
    urldate={2022-01-24}
}

@misc{type_script,
    title={TypeScript},
    author={Microsoft Corporation},
    year={2012},
    month={10},
    day={1},
    url={https://typescriptlang.org},
    urldate={2022-02-01}
}

@misc{react_native,
    title={React Native},
    author={{Meta Platforms, Inc.}},
    year={2015},
    month={03},
    day={26},
    url={https://reactnative.dev},
    urldate={2022-02-01}
}

@misc{ant_design,
    title={Ant Design},
    author={Ant Design Team},
    year={2015},
    url={https://ant.design},
    urldate={2022-02-01}
}

@misc{redux,
    title={Redux},
    author={Dan Abramov and Andrew Clark},
    year={2015},
    month={06},
    day={2},
    url={https://redux.js.org},
    urldate={2022-02-01}
}

@misc{net6,
    title={.Net 6 is here},
    author={David Ramel},
    year={2021},
    month={8},
    day={11},
    url={https://visualstudiomagazine.com/articles/2021/11/08/net-6-arrives.aspx},
    urldate={2022-02-03}
}

@misc{c-sharp-tour,
    title={A tour of the C\# language},
    year={2021},
    month={1},
    day={30},
    url={https://docs.microsoft.com/en-us/dotnet/csharp/tour-of-csharp/},
    urldate={2022-02-03}
}

@misc{nuget,
    title={Nuget.org},
    author={Microsoft Corporation},
    year={2021},
    month={1},
    day={30},
    url={https://www.nuget.org/packages},
    urldate={2022-02-03}
}

@misc{net-tools,
    title={.NET Tools \& Editors},
    author={Microsoft Corporation},
    url={https://dotnet.microsoft.com/en-us/platform/tools},
    urldate={2022-02-03}
}

@misc{net-breaking-changes,
    title={Breaking changes reference overview},
    author={Microsoft Corporation},
    year={2021},
    month={9},
    day={15},
    url={https://docs.microsoft.com/en-us/dotnet/core/compatibility/breaking-changes},
    urldate={2022-02-03}
}

@misc{fluentvalidation,
    title={Entity Framework},
    author={Microsoft Corporation},
    day={15},
    url={https://docs.microsoft.com/en-us/ef/},
    urldate={2022-02-04}
}

@misc{ef-doc,
    title={FluentValidation},
    author={.NET Foundation},
    url={https://fluentvalidation.net/},
    urldate={2022-02-04}
}

