@misc{reference_doc,
    keywords={intro},
    title={A.Y. 2021-2022 Software Engineering 2 Requirement Engineering and Design Project: goal, schedule, and rules},
    author={Elisabetta Di Nitto and Matteo Rossi and Damian Tamburri},
    year={2021}, 
    month=Oct
}

@misc{reference_doc2,
    keywords={intro},
    title={A.Y. 2021-2022 Software Engineering 2 I{\&}T assignment goal, schedule, and rules},
    author={Elisabetta Di Nitto and Matteo Rossi and Damian Tamburri},
    year={2021}, 
    month=Oct
}

@misc{rasd,
    keywords={intro},
    title={Requirements Analysis and Specifications Document V2,0, DREAM - Data-dRiven PrEdictive FArMing in Telangana},
    author={Marco Domenico Buttiglione and Martina Caffagnini and Dounia Faouzi},
    year={2022}, 
    month=Feb,
    day=6
}

@misc{dd_doc,
    keywords={intro},
    title={Design Document V2.0, DREAM - Data-dRiven PrEdictive FArMing in Telangana},
    author={Marco Domenico Buttiglione and Martina Caffagnini and Dounia Faouzi},
    year={2022}, 
    month=Feb,
    day=6
}

@misc{itd_doc,
    keywords={intro},
    title={Implementation and Test Deliverable V1.0, DREAM - Data-dRiven PrEdictive FArMing in Telangana},
    author={Marco Domenico Buttiglione and Martina Caffagnini and Dounia Faouzi},
    year={2022},
    month=Feb,
    day=6
}

@misc{dream,
    keywords={intro},
    title={DREAM, Telegana farm monitoring platform},
    author={Marco Domenico Buttiglione and Martina Caffagnini and Dounia Faouzi},
    year={2022},
    month=Feb,
    url={https://github.com/marticaffa/CaffagniniFaouziButtiglione},
    urldate={2022-02-09}
}

@misc{reactjs,
    title={React},
    author={{Meta Platforms, Inc.}},
    year={2013},
    month={05},
    day={29},
    url={https://reactjs.org},
    urldate={2022-02-09}
}

@misc{spring_boot,
    title={Spring Boot},
    author={Pivotal Software},
    year={2014},
    month=Apr,
    url={https://spring.io/projects/spring-boot},
    urldate={2022-02-09}
}

@misc{mysql,
    title={MySQL},
    author={MySQL AB},
    year={1995},
    month=May,
    day=23,
    url={https://dev.mysql.com/doc/},
    urldate={2022-02-09}
}
